<?xml version = "1.0" encoding = "UTF-8"?><OAI-PMH xmlns="http://www.openarchives.org/OAI/2.0/" xmlns:xsi="http://www.w3.org/2001/XMLSchema-instance" xsi:schemaLocation="http://www.openarchives.org/OAI/2.0/ http://www.openarchives.org/OAI/2.0/OAI-PMH.xsd"><ListRecords><record><header><identifier>aleph-publish:005296514</identifier></header><metadata><record xmlns="http://www.ddb.de/professionell/mabxml/mabxml-1.xsd"><leader>00306vM2.01200024------h</leader><controlfield tag="LDR">00306vM2.01200024------h</controlfield><controlfield tag="FMT">MH</controlfield><datafield tag="001" ind1="-" ind2="1"><subfield code="a">HT002529477</subfield></datafield><datafield tag="002" ind1="a" ind2="1"><subfield code="a">20000117</subfield></datafield><datafield tag="003" ind1="-" ind2="1"><subfield code="a">20180117</subfield></datafield><datafield tag="025" ind1="o" ind2="1"><subfield code="a">183288969</subfield></datafield><datafield tag="026" ind1="-" ind2="1"><subfield code="a">HBZHT002529477</subfield></datafield><controlfield tag="030">a|1uc||||||27</controlfield><datafield tag="036" ind1="a" ind2="1"><subfield code="a">DE</subfield></datafield><datafield tag="037" ind1="b" ind2="1"><subfield code="a">ger</subfield></datafield><controlfield tag="050">a|||||||||||||</controlfield><controlfield tag="052">r||||||||||||||</controlfield><datafield tag="070" ind1="-" ind2="1"><subfield code="a">468</subfield></datafield><datafield tag="070" ind1="b" ind2="1"><subfield code="a">61</subfield></datafield><datafield tag="078" ind1="n" ind2="1"><subfield code="a">NWBib-5</subfield></datafield><datafield tag="080" ind1="-" ind2="1"><subfield code="a">60</subfield></datafield><datafield tag="200" ind1="-" ind2="1"><subfield code="k">Zweckverband Naturpark Kottenforst-Ville</subfield><subfield code="9">(DE-588)512975-8</subfield></datafield><datafield tag="331" ind1="-" ind2="1"><subfield code="a">Zweckverband Naturpark Kottenforst-Ville</subfield></datafield><datafield tag="405" ind1="-" ind2="1"><subfield code="a">1.1985 - 4.2001; damit Ersch. eingest.</subfield></datafield><datafield tag="410" ind1="-" ind2="1"><subfield code="a">Köln [i.e.] Pulheim</subfield></datafield><datafield tag="412" ind1="-" ind2="1"><subfield code="a">Rheinland-Verl.</subfield></datafield><datafield tag="700" ind1="n" ind2="1"><subfield code="a">Rheinland</subfield><subfield code="0">https://nwbib.de/spatial#N03</subfield></datafield><datafield tag="700" ind1="n" ind2="1"><subfield code="a">Niederrheinische Bucht</subfield><subfield code="0">https://nwbib.de/spatial#Q1243986</subfield></datafield><datafield tag="700" ind1="n" ind2="1"><subfield code="a">Naturparke</subfield><subfield code="0">https://nwbib.de/subjects#N584080</subfield></datafield><controlfield tag="SYS">005296514</controlfield><datafield tag="LOW" ind1="-" ind2="1"><subfield code="a">K0001</subfield></datafield><datafield tag="LOW" ind1="-" ind2="1"><subfield code="a">Q0001</subfield></datafield><datafield tag="LOW" ind1="-" ind2="1"><subfield code="a">Q0003</subfield></datafield><datafield tag="LOW" ind1="-" ind2="1"><subfield code="a">QL001</subfield></datafield><datafield tag="LOW" ind1="-" ind2="1"><subfield code="a">R0001</subfield></datafield><datafield tag="LOW" ind1="-" ind2="1"><subfield code="a">K1088</subfield></datafield><datafield tag="LOW" ind1="-" ind2="1"><subfield code="a">Q1005</subfield></datafield><datafield tag="LOW" ind1="-" ind2="1"><subfield code="a">Q1151</subfield></datafield><datafield tag="088" ind1=" " ind2=" "><subfield code="a">5/11</subfield></datafield><datafield tag="088" ind1=" " ind2=" "><subfield code="a">385</subfield></datafield><datafield tag="088" ind1=" " ind2=" "><subfield code="a">5</subfield></datafield><datafield tag="088" ind1=" " ind2=" "><subfield code="a">98</subfield></datafield><datafield tag="088" ind1=" " ind2=" "><subfield code="a">38</subfield></datafield><datafield tag="088" ind1=" " ind2=" "><subfield code="a">5 N</subfield></datafield><datafield tag="088" ind1=" " ind2=" "><subfield code="a">1044/NT</subfield></datafield><datafield tag="088" ind1=" " ind2=" "><subfield code="a">38/314</subfield></datafield><datafield tag="088" ind1=" " ind2=" "><subfield code="a">929</subfield></datafield><datafield tag="088" ind1=" " ind2=" "><subfield code="a">6/NT</subfield></datafield><datafield tag="088" ind1=" " ind2=" "><subfield code="a">61/NT</subfield></datafield><datafield tag="088" ind1=" " ind2=" "><subfield code="a">465/NT</subfield></datafield><datafield tag="088" ind1=" " ind2=" "><subfield code="a">468/NT</subfield></datafield><datafield tag="088" ind1=" " ind2=" "><subfield code="a">82/NT</subfield></datafield><datafield tag="088" ind1=" " ind2=" "><subfield code="a">5/82</subfield></datafield></record></metadata></record></ListRecords></OAI-PMH>